%YAML 1.1
%TAG !u! tag:unity3d.com,2011:
--- !u!1 &177254
GameObject:
  m_ObjectHideFlags: 0
  m_PrefabParentObject: {fileID: 0}
  m_PrefabInternal: {fileID: 100100000}
  serializedVersion: 4
  m_Component:
  - 4: {fileID: 441748}
  - 114: {fileID: 11468016}
  - 114: {fileID: 11476818}
  - 50: {fileID: 5088604}
  - 61: {fileID: 6150508}
  m_Layer: 0
  m_Name: Game Controller
  m_TagString: Untagged
  m_Icon: {fileID: 0}
  m_NavMeshLayer: 0
  m_StaticEditorFlags: 0
  m_IsActive: 1
--- !u!4 &441748
Transform:
  m_ObjectHideFlags: 1
  m_PrefabParentObject: {fileID: 0}
  m_PrefabInternal: {fileID: 100100000}
  m_GameObject: {fileID: 177254}
  m_LocalRotation: {x: 0, y: 0, z: 0, w: 1}
  m_LocalPosition: {x: 0, y: 0, z: 0}
  m_LocalScale: {x: 1, y: 1, z: 1}
  m_Children: []
  m_Father: {fileID: 0}
  m_RootOrder: 0
--- !u!50 &5088604
Rigidbody2D:
  serializedVersion: 2
  m_ObjectHideFlags: 1
  m_PrefabParentObject: {fileID: 0}
  m_PrefabInternal: {fileID: 100100000}
  m_GameObject: {fileID: 177254}
  m_Mass: 1
  m_LinearDrag: 0
  m_AngularDrag: .0500000007
  m_GravityScale: 1
  m_IsKinematic: 0
  m_Interpolate: 0
  m_SleepingMode: 1
  m_CollisionDetection: 0
  m_Constraints: 0
--- !u!61 &6150508
BoxCollider2D:
  m_ObjectHideFlags: 1
  m_PrefabParentObject: {fileID: 0}
  m_PrefabInternal: {fileID: 100100000}
  m_GameObject: {fileID: 177254}
  m_Enabled: 1
  m_Material: {fileID: 0}
  m_IsTrigger: 0
  m_UsedByEffector: 0
  m_Offset: {x: 0, y: 0}
  serializedVersion: 2
  m_Size: {x: 1, y: 1}
--- !u!114 &11468016
MonoBehaviour:
  m_ObjectHideFlags: 1
  m_PrefabParentObject: {fileID: 0}
  m_PrefabInternal: {fileID: 100100000}
  m_GameObject: {fileID: 177254}
  m_Enabled: 1
  m_EditorHideFlags: 0
  m_Script: {fileID: 11500000, guid: f65f6c5b82b5eda46bcfdce017b53935, type: 3}
  m_Name: 
  m_EditorClassIdentifier: 
  isPlayerTurn: 0
  areEnemiesMoving: 0
  playerCurrentHealth: 50
  gameOverSound: {fileID: 8300000, guid: bbdad7cac71eab54fb165d6131d31772, type: 3}
--- !u!114 &11476818
MonoBehaviour:
  m_ObjectHideFlags: 1
  m_PrefabParentObject: {fileID: 0}
  m_PrefabInternal: {fileID: 100100000}
  m_GameObject: {fileID: 177254}
  m_Enabled: 1
  m_EditorHideFlags: 0
  m_Script: {fileID: 11500000, guid: c46f171e8af0c6a4ebfe2bd31fd28052, type: 3}
  m_Name: 
  m_EditorClassIdentifier: 
  columns: 10
  rows: 10
  floors:
  - {fileID: 133220, guid: b7bd3df44d686bd4d9adced62fe3f086, type: 2}
  - {fileID: 192842, guid: 120e3a51abea5f94b8880152e79dcc83, type: 2}
  - {fileID: 172536, guid: badeed1f7def8094ab6d0eea720efab1, type: 2}
  - {fileID: 156328, guid: 6f723405345b8774d959acd2c70d45e6, type: 2}
  - {fileID: 188238, guid: 72f3788056335c946b5dd6fb9c5066f2, type: 2}
  - {fileID: 130314, guid: 7023b583b08ce4f4195f247ef5856479, type: 2}
  - {fileID: 192788, guid: 0d0baef409863944987579c2ade568ba, type: 2}
  - {fileID: 155970, guid: 2c0b89d015ea1124a8524cd3fe6a440a, type: 2}
  outerWalls:
  - {fileID: 122858, guid: a914249535d5d6e498743bde26fe57ef, type: 2}
  - {fileID: 145658, guid: dc08cc0c028bbe945a6072e2d7680e16, type: 2}
  - {fileID: 167770, guid: 6224ac12e00c31946815535c25985be6, type: 2}
  wallObstacles:
  - {fileID: 166638, guid: b20dc9b37a76a5a4081738dd7a03cde6, type: 2}
  - {fileID: 152108, guid: 903133c4daa51de48a5be8c7b4ace695, type: 2}
  - {fileID: 164694, guid: 3ff89d18a5e499b46b719d585edfd626, type: 2}
  - {fileID: 107898, guid: 7e8bf25b3704cbe458b62fcd177f4191, type: 2}
  - {fileID: 148636, guid: 208904798cb7de94ab2712a8d81c1c1a, type: 2}
  - {fileID: 131758, guid: 7767b2ef7f2e2db4fbe5f749f0092b1c, type: 2}
  - {fileID: 185760, guid: 9cf3b81f8f9f924448a0c32a66484190, type: 2}
  - {fileID: 111698, guid: b1697ef9c59207a4a8c3fb1e3d860c15, type: 2}
  foodItems:
  - {fileID: 199612, guid: 61f2bf7ce64f54748907644e519ca53e, type: 2}
  - {fileID: 130520, guid: c420d1702c86af5458876abce911bdd1, type: 2}
  enemies:
  - {fileID: 168276, guid: 99066621bc653734e87094b3c8800e1e, type: 2}
  - {fileID: 136418, guid: c67068e0352a6f14a9b788ceeeab3f3c, type: 2}
  exit: {fileID: 143344, guid: b15014d5c6c8d4747a75eeac75775428, type: 2}
--- !u!1001 &100100000
Prefab:
  m_ObjectHideFlags: 1
  serializedVersion: 2
  m_Modification:
    m_TransformParent: {fileID: 0}
    m_Modifications: []
    m_RemovedComponents: []
  m_ParentPrefab: {fileID: 0}
  m_RootGameObject: {fileID: 177254}
  m_IsPrefabParent: 1
